@online{Unity,
title = {Unity},
url = {https://unity.com/},
}

@online{iTextSharp,
title = {iTextSharp},
url = {https://itextpdf.com/products/itextsharp},
}

\begin{comment}
@online{WinNT,
  author = {MultiMedia LLC},
  title = {{MS Windows NT} Kernel Description},
  year = 1999,
  url = {http://web.archive.org/web/20080207010024/http://www.808multimedia.com/winnt/kernel.htm},
  urldate = {2010-09-30},
}
\end{comment}

@online{LibraryDef,
    title = {What is a Programming Library? A Beginnerâ€™s Guide},
    authors = {Rachel Meltzer},
    url = {https://careerfoundry.com/en/blog/web-development/programming-library-guide/\#what-is-a-programming-library},
    website = {CareerFoundry},
    year = {2023},
    month = {1},
    day = {8},
    note = {Accessed on: October 4, 2024},
}

@online{ARCoreDevices,
    title = {ARCore supported devices},
    url = {https://developers.google.com/ar/devices},
    website = {Google},
    year = {2023},
    month = {1},
    day = {8},
    note = {Accessed on: October 6, 2024},
}

@online{EncryptionAndDecryption,
	title={Encryption and Decryption},
	url={https://docs.oracle.com/cd/E19047-01/sunscreen151/806-5397/i996724/index.html\#:~:text=Encryption\%20is\%20the\%20process\%20by,its\%20original\%20(readable)\%20format.},
	website={Oracle},
	year={2010},
	note = {Accessed on: October 4, 2024},
}